@misc{
  roguebasin:cellularautomata,
  
  title={Cellular Automata Method for Generating Random Cave-Like Levels},
  note={Disponível em: <  \url{http://roguebasin.roguelikedevelopment.org/index.php?title=Cellular\_Automata\_Method\_for\_Generating\_Random\_Cave-Like\_Levels} >. Acesso em: 23 Nov. 2013}
}

@inproceedings{
  tech:bootstrapping,
  
  author={N. Saxena and G. Tsudik and J. Yi},
  title={Admission Control in Peer-to-Peer: Design and Performance Evaluation},
  organization={ACM Workshop on Security of Ad Hoc and Sensor Networks (SASN)}, 
  year={2003}
}

@inproceedings{ 
  peertopeer:definition,
  
  author={Rüdiger Schollmeier},
  title={A Definition of Peer-to-Peer Networking for the Classification of Peer-to-Peer Architectures and Applications},
  organization={Proceedings of the First International Conference on Peer-to-Peer Computing, IEEE},
  year={2002},
}